%% This BibTeX bibliography file was created using BibDesk.
%% http://bibdesk.sourceforge.net/


%% Created for HÃ©ctor Bahamonde at 2020-07-04 20:12:37 -0400 


%% Saved with string encoding Unicode (UTF-8) 



@article{Bahamonde2020,
	Author = {Bahamonde, Hector},
	Date-Added = {2018-07-25 15:40:03 +0000},
	Date-Modified = {2020-07-04 20:12:37 -0400},
	Doi = {10.1057/s41269-020-00174-4},
	Journal = {Acta Politica},
	Keywords = {United States,clientelism,vote selling},
	Title = {{Still for Sale: The Micro-Dynamics of Vote Selling in the United States, Evidence From a List Experiment}}}
